%% This BibTeX bibliography file was created using BibDesk.
%% http://bibdesk.sourceforge.net/

%% Created for cismay at 2016-07-24 13:03:51 -0700 


%% Saved with string encoding Unicode (UTF-8) 



@article{tidy,
	Author = {Hadley Wickham},
	Date-Modified = {2016-07-24 20:03:51 +0000},
	Journal = {Journal of Statistical Software},
	Keywords = {tidy data},
	Month = {September},
	Number = {Issue 10},
	Title = {Tidy Data},
	Url = {https://www.jstatsoft.org/index.php/jss/article/view/v059i10/v59i10.pdf},
	Volume = {Volume 59},
	Year = {2014},
	Bdsk-Url-1 = {https://www.jstatsoft.org/index.php/jss/article/view/v059i10/v59i10.pdf}}
