%% This BibTeX bibliography file was created using BibDesk.
%% http://bibdesk.sourceforge.net/

%% Created for cismay at 2016-07-29 15:18:38 -0500 


%% Saved with string encoding Unicode (UTF-8) 

@book{salsburg2001,
    title = {The Lady Tasting Tea: How Statistics Revolutionized Science in the Twentieth Century},
    author = {David Salsburg},
    year = {2001},
    edition = {First Edition},
    publisher = {W.H. Freeman},
    address = {New York, NY}
}

@book{lock2012,
    title = {Statistics: {UnLOCKing} the Power of Data},
    author = {Robin Lock and Patti Frazer Lock and Kari Lock Morgan and Eric F. Lock and Dennis F. Lock},
    year = {2012},
    publisher = {Wiley},
    isbn = {1118440927}
}

@book{hester2011,
    title = {Mathematical Statistics with Resampling and R},
    author = {Laura M. Chihara and Tim C. Hesterberg},
    year = {2011},
    publisher = {John Wiley and Sons},
    address = {Hoboken, NJ},
    url = {https://sites.google.com/site/chiharahesterberg/home},
    isbn = {978-1118029855}
}

@book{usedtor2016,
    title = {Getting used to R, {RStudio}, and R Markdown},
    author = {Chester Ismay},
    year = {2016},
    url = {http://ismayc.github.io/rbasics-book}
}

@book{isrs2014,
    title = {Introductory Statistics with Randomization and Simulation},
    author = {David M Diez and Christopher D Barr and Mine \c{C}etinkaya-Rundel},
    year = {2014},
    edition = {First Edition},
    url = {https://www.openintro.org/stat/textbook.php?stat_book=isrs}
}

@book{rds2016,
    title = {R for Data Science},
    author = {Garrett Grolemund and Hadley Wickham},
    year = {2016},
    url = {http://r4ds.had.co.nz/}
}

@book{robbins2013,
	Author = {Naomi Robbins},
	Date-Added = {2016-07-29 20:17:30 +0000},
	Date-Modified = {2016-07-29 20:17:59 +0000},
	Publisher = {Chart House},
	Title = {Creating More Effective Graphs},
	Year = {2013}}

@book{xie2015,
	Address = {Boca Raton, Florida},
	Author = {Yihui Xie},
	Edition = {2nd},
	Note = {ISBN 978-1498716963},
	Publisher = {Chapman and Hall/CRC},
	Title = {Dynamic Documents with {R} and knitr},
	Url = {http://yihui.name/knitr/},
	Year = {2015},
	Bdsk-Url-1 = {http://yihui.name/knitr/}}

@book{wilkinson2005,
	Address = {Secaucus, NJ, USA},
	Author = {Leland Wilkinson},
	Isbn = {0387245448},
	Publisher = {Springer-Verlag New York, Inc.},
	Title = {The Grammar of Graphics (Statistics and Computing)},
	Year = {2005}}

@book{r4ds2016,
	Author = {Hadley Wickham and Garrett Grolemund},
	Publisher = {O'Reilly},
	Title = {R for Data Science},
	Url = {http://http://r4ds.had.co.nz/},
	Year = {2016},
	Bdsk-Url-1 = {http://http://r4ds.had.co.nz/}}
